






@article{doi:10.1080/12460125.2016.1187390,
author = {Stephen Lane and Paidi Oâ€™Raghallaigh and David Sammon},
title = {Requirements gathering: the journey},
journal = {Journal of Decision Systems},
volume = {25},
number = {sup1},
pages = {302-312},
year  = {2016},
publisher = {Taylor & Francis},
doi = {10.1080/12460125.2016.1187390},

URL = { 
        https://doi.org/10.1080/12460125.2016.1187390
    
},
eprint = { 
        https://doi.org/10.1080/12460125.2016.1187390
    
}

}


