@article{10.1145/1060710.1060712,
author = {Nerur, Sridhar and Mahapatra, RadhaKanta and Mangalaraj, George},
title = {Challenges of Migrating to Agile Methodologies},
year = {2005},
issue_date = {May 2005},
publisher = {Association for Computing Machinery},
address = {New York, NY, USA},
volume = {48},
number = {5},
issn = {0001-0782},
url = {https://doi.org/10.1145/1060710.1060712},
doi = {10.1145/1060710.1060712},
abstract = {Software development methodologies are constantly evolving due to changing technologies and new demands from users. Today's dynamic business environment has given rise to emergent organizations that continuously adapt their structures, strategies, and policies to suit the new environment [12]. Such organizations need information systems that constantly evolve to meet their changing requirements---but the traditional, plan-driven software development methodologies lack the flexibility to dynamically adjust the development process.},
journal = {Commun. ACM},
month = {may},
pages = {72â€“78},
numpages = {7}
}